<?xml version="1.0" encoding="UTF-8"?><record xmlns="http://www.loc.gov/MARC21/slim" xmlns:cinclude="http://apache.org/cocoon/include/1.0" xmlns:zs="http://www.loc.gov/zing/srw/">
  <leader>00357nz  a2200121n  4500</leader>
  <controlfield tag="001">n  85275093 </controlfield>
  <controlfield tag="003">DLC</controlfield>
  <controlfield tag="005">19870228071424.3</controlfield>
  <controlfield tag="008">861218n| acannaab|          |n aaa |||  </controlfield>
  <datafield tag="010" ind1=" " ind2=" ">
    <subfield code="a">n  85275093 </subfield>
  </datafield>
  <datafield tag="040" ind1=" " ind2=" ">
    <subfield code="a">DLC</subfield>
    <subfield code="c">DLC</subfield>
  </datafield>
  <datafield tag="100" ind1="1" ind2="0">
    <subfield code="a">Cahoone, Lawrence E.,</subfield>
    <subfield code="d">1954-</subfield>
  </datafield>
  <datafield tag="670" ind1=" " ind2=" ">
    <subfield code="a">His The dilemma of modernity, c1987:</subfield>
    <subfield code="b">CIP t.p. (Lawrence E. Cahoone) data sheet (b. 8/31/54)</subfield>
  </datafield>
</record>